<?xml version="1.0" encoding="UTF-8"?><collection xmlns="http://www.loc.gov/MARC21/slim"><record><leader>00458nam--2200145-i-4500</leader><controlfield tag="001">000011075</controlfield><controlfield tag="002">20161230</controlfield><controlfield tag="005">20170111221921</controlfield><controlfield tag="008">060222s1000------------r-----000-0-eng-d</controlfield><datafield ind1=" " ind2=" " tag="080"><subfield code="a">025.45(048.6)=40</subfield></datafield><datafield ind1=" " ind2=" " tag="245"><subfield code="a">Classification decimale universelle. Edition moyenne internationale Tom.1: Tables systematiques. Ouvrage publie av ec l appui l UNESCO</subfield></datafield><datafield ind1=" " ind2=" " tag="260"><subfield code="a">Bruxelles</subfield><subfield code="b">Mundaneum</subfield><subfield code="c">1966</subfield></datafield><datafield ind1=" " ind2=" " tag="300"><subfield code="a">999 p</subfield></datafield><datafield ind1=" " ind2=" " tag="852"><subfield code="a">40564</subfield></datafield><datafield ind1=" " ind2=" " tag="CAT"><subfield code="a">SYS</subfield><subfield code="c">20170111</subfield><subfield code="h">221921</subfield></datafield></record></collection>